@book{CIFAR10and100,
    author    = "Alex Krizhevsky, Vinod Nair and Geoffrey Hinton",
    title     = "The CIFAR-10 and CIFAR-100 dataset",
    url       = "https://www.cs.toronto.edu/~kriz/cifar.html",
    publisher = "https://www.cs.toronto.edu/~kriz/cifar.html"
}

@book{MNIST,
    author    = "Yann LeCun, Corinna Cortes, Christopher J.C. Burges",
    title     = "MNIST handwritten digit database",
    url       = "http://yann.lecun.com/exdb/mnist/",
    publisher = "http://yann.lecun.com/exdb/mnist/"
}

@book{SVHN,
    author    = "Yuval Netzer, Tao Wang, Adam Coates, Alessandro Bissacco, Bo Wu, Andrew Y. Ng",
    title     = "Reading Digits in Natural Images
with Unsupervised Feature Learning",
    url       = "http://ufldl.stanford.edu/housenumbers/",
    publisher = "http://ufldl.stanford.edu/housenumbers/"
}

@book{ImageNet12,
    author    = "Olga Russakovsky*, Jia Deng*, Hao Su, Jonathan Krause, Sanjeev Satheesh, Sean Ma, Zhiheng Huang, Andrej Karpathy, Aditya Khosla, Michael Bernstein, Alexander C. Berg and Li Fei-Fei",
    title     = "ImageNet Large Scale Visual Recognition Challenge",
    url       = "http://image-net.org/challenges/LSVRC/2012/",
    publisher = "http://image-net.org/challenges/LSVRC/2012/",
    year = "2015"
}

@book{STL10,
    author    = "Adam Coates, Honglak Lee, Andrew Y. Ng",
    title     = "An Analysis of Single Layer Networks in Unsupervised Feature Learning",
    url       = "http://cs.stanford.edu/~acoates/stl10",
    publisher = "http://cs.stanford.edu/~acoates/stl10",
    year = "2011"
}

@book{LFW,
    author = {Gary B. Huang and Manu Ramesh and Tamara Berg and Erik Learned-Miller},
    title = {Labeled Faces in the Wild: A Database for Studying Face Recognition in Unconstrained Environments},
    institution =  {University of Massachusetts, Amherst},
    year = 2007,
    number = {07-49},
    month = {October}},
    publisher = "http://vis-www.cs.umass.edu/lfw/#reference"
}

@book{Outex,
    author    = "Oulun yliopisto",
    title     = "Outex Texture Database",
    url       = "http://www.outex.oulu.fi/",
    publisher = "http://www.outex.oulu.fi/"
}
